<?xml version="1.0" encoding="UTF-8"?><record xmlns="http://www.loc.gov/MARC21/slim" xmlns:cinclude="http://apache.org/cocoon/include/1.0" xmlns:zs="http://www.loc.gov/zing/srw/">
  <leader>00615cz  a2200193n  4500</leader>
  <controlfield tag="001">nr 94034925 </controlfield>
  <controlfield tag="003">DLC</controlfield>
  <controlfield tag="005">20130312102637.0</controlfield>
  <controlfield tag="008">941020nc azannaabn          |a aaa      </controlfield>
  <datafield tag="010" ind1=" " ind2=" ">
    <subfield code="a">nr 94034925 </subfield>
  </datafield>
  <datafield tag="035" ind1=" " ind2=" ">
    <subfield code="a">(OCoLC)oca03703741</subfield>
  </datafield>
  <datafield tag="040" ind1=" " ind2=" ">
    <subfield code="a">DLC-R</subfield>
    <subfield code="b">eng</subfield>
    <subfield code="e">rda</subfield>
    <subfield code="c">DLC-R</subfield>
    <subfield code="d">OCoLC</subfield>
    <subfield code="d">DLC</subfield>
  </datafield>
  <datafield tag="046" ind1=" " ind2=" ">
    <subfield code="k">1991</subfield>
  </datafield>
  <datafield tag="100" ind1="1" ind2=" ">
    <subfield code="a">Yu, Xin,</subfield>
    <subfield code="d">513-581.</subfield>
    <subfield code="t">Works.</subfield>
    <subfield code="k">Selections.</subfield>
    <subfield code="f">1991</subfield>
  </datafield>
  <datafield tag="381" ind1=" " ind2=" ">
    <subfield code="a">Selections</subfield>
  </datafield>
  <datafield tag="400" ind1="1" ind2=" ">
    <subfield code="w">nnea</subfield>
    <subfield code="a">Yü, Hsin,</subfield>
    <subfield code="d">513-581.</subfield>
    <subfield code="t">Selections.</subfield>
    <subfield code="f">1991</subfield>
  </datafield>
  <datafield tag="400" ind1="1" ind2=" ">
    <subfield code="w">nnea</subfield>
    <subfield code="a">Yu, Xin,</subfield>
    <subfield code="d">513-581.</subfield>
    <subfield code="t">Selections.</subfield>
    <subfield code="f">1991</subfield>
  </datafield>
  <datafield tag="400" ind1="1" ind2=" ">
    <subfield code="a">Yu, Xin,</subfield>
    <subfield code="d">513-581.</subfield>
    <subfield code="t">Yu Xin shi wen xuan yi.</subfield>
    <subfield code="f">1991</subfield>
  </datafield>
  <datafield tag="670" ind1=" " ind2=" ">
    <subfield code="a">Yü Hsin shih wen hsüan i, 1991.</subfield>
  </datafield>
</record>